<?xml version="1.0" encoding="UTF-8"?><collection xmlns="http://www.loc.gov/MARC21/slim"><record><leader>00429nam--2200169-i-4500</leader><controlfield tag="001">000021384</controlfield><controlfield tag="002">20161230</controlfield><controlfield tag="005">20170219000108</controlfield><controlfield tag="008">060222s1000------------r-----000-0-eng-d</controlfield><datafield ind1=" " ind2=" " tag="080"><subfield code="a">621.7</subfield></datafield><datafield ind1=" " ind2=" " tag="100"><subfield code="a">Hamburger, L</subfield></datafield><datafield ind1=" " ind2=" " tag="245"><subfield code="a">Combaterea vibratiilor in intreprinderi</subfield></datafield><datafield ind1=" " ind2=" " tag="260"><subfield code="a">Bucuresti</subfield><subfield code="b">Ed. Acad. R.P.R</subfield><subfield code="c">1953</subfield></datafield><datafield ind1=" " ind2=" " tag="300"><subfield code="a">110 p. + Erata</subfield></datafield><datafield ind1=" " ind2=" " tag="700"><subfield code="a">Buzdugan, Gheorghe</subfield></datafield><datafield ind1=" " ind2=" " tag="852"><subfield code="a">971</subfield></datafield><datafield ind1=" " ind2=" " tag="CAT"><subfield code="a">SYS</subfield><subfield code="c">20170219</subfield><subfield code="h">000108</subfield></datafield></record></collection>